@article{mar+11,
        author = "P. Marchant and A. Reisenegger and T. Akg√ºn",
        title = "Revisiting the Flowers-Ruderman instability of magnetic stars",
        journal = "MNRAS",
        volume = "415",
        year = "2011",
        pages = "2426--2438",
}